% Encoding: UTF-8

@Book{1,
  title     = {Real-Time Collision Detection},
  publisher = {CRC Press},
  year      = {2004},
  author    = {Christer Ericson},
  editor    = {Tim Cox},
}

@Booklet{2,
  title     = {2-Dimensional Elastic Collisions without Trigonometry},
  author    = {Chad Berchek},
  year      = {2009},
  publisher = {Vobarian Software},
}

@Booklet{3,
  title  = {Efficient Collision Detection of Complex Deformable Models using AABB Trees},
  author = {Gino Van Den Bergen},
  year   = {1998},
}

@Book{4,
  title     = {Practical Java Game Programming (Charles River Media Game Development)},
  publisher = {Jenifer Niles},
  year      = {2004},
  author    = {Dustin Clingman},
}

@Electronic{5,
  author = {Thomas Diewald},
  title  = {Thomas Diewald Blog},
  note   = {19.8.2017.},
  url    = {http://thomasdiewald.com/blog/?p=1488},
}

@Electronic{6,
  title = {Introductory Guide to AABB Tree Collision Detection},
  note  = {21.8.2017.},
  url   = {http://www.azurefromthetrenches.com/introductory-guide-to-aabb-tree-collision-detection/},
}

@Electronic{7,
  title        = {Wikipedia, Elastic Collision},
  organization = {Wikipedia},
  note         = {22.8.2017.},
  url          = {https://en.wikipedia.org/wiki/Elastic_collision},
}

@Electronic{8,
  title        = {Wikipedia, Inelatic Collision},
  organization = {Wikipedia},
  note         = {22.8.2017.},
  url          = {https://en.wikipedia.org/wiki/Inelastic_collision},
}

@Electronic{9,
  author = {Marko Martinčić},
  title  = {Elastični i neelastični sudari},
  note   = {22.8.2017.},
  url    = {http://dominis.phy.hr/~mmarko/SAMP/Seminar2/Seminar2.html},
}

@Electronic{10,
  title = {Slobodni pad, Wikipedia},
  note  = {24.8.2017.},
  url   = {https://hr.wikipedia.org/wiki/Slobodni_pad},
}

@Electronic{11,
  title = {Zakon očuvanja energije, Wikipedia},
  note  = {24.8.2017.},
  url   = {https://hr.wikipedia.org/wiki/Zakon_o%C4%8Duvanja_energije},
}

@Electronic{12,
  title = {Količina gibanja, Wikipedia},
  note  = {24.8.2017.},
  url   = {https://hr.wikipedia.org/wiki/Koli%C4%8Dina_gibanja},
}

@Electronic{13,
  title = {Elastični sudari, Wikipedia},
  note  = {24.8.2017.},
  url   = {https://en.wikipedia.org/wiki/Elastic_collision},
}

@Electronic{14,
  title = {KD tree, Wikipedia},
  note  = {27.8.2017.},
  url   = {https://en.wikipedia.org/wiki/K-d_tree},
}

@Electronic{15,
  title = {OpenGL Tutorial},
  note  = {9.9.2017.},
  url   = {http://www.opengl-tutorial.org/},
}

@Electronic{16,
  title = {Learn OpenGL},
  note  = {9.9.2017.},
  url   = {https://learnopengl.com/},
}

@Comment{jabref-meta: databaseType:bibtex;}
